<?xml version="1.0" encoding="UTF-8"?><collection xmlns="http://www.loc.gov/MARC21/slim"><record><leader>00499nam--2200157-i-4500</leader><controlfield tag="001">000028772</controlfield><controlfield tag="002">20161230</controlfield><controlfield tag="005">20161230201037</controlfield><controlfield tag="008">060222s1000------------r-----000-0-eng-d</controlfield><datafield ind1=" " ind2=" " tag="080"><subfield code="a">517.53:517.63:62</subfield></datafield><datafield ind1=" " ind2=" " tag="100"><subfield code="a">Lepage Wilbur R</subfield></datafield><datafield ind1=" " ind2=" " tag="245"><subfield code="a">Complex variables and the laplace transform for engineers</subfield></datafield><datafield ind1=" " ind2=" " tag="260"><subfield code="a">New York, Mcgraw-hill Book Co.Inc.,1961. Xvii + 475p</subfield></datafield><datafield ind1=" " ind2=" " tag="490"><subfield code="a">Mcgraw-hill Texts In Electrical Engineering And Appl.Math</subfield></datafield><datafield ind1=" " ind2=" " tag="852"><subfield code="a">17913</subfield><subfield code="c">517.63</subfield></datafield><datafield ind1=" " ind2=" " tag="CAT"><subfield code="a">Sys</subfield><subfield code="c">20080916</subfield><subfield code="h">084328</subfield></datafield></record></collection>